@inproceedings{qi2020,
author = {Qi, Peng and Zhang, Yuhao and Zhang, Yuhui and Bolton, Jason and Manning, Christopher D},
booktitle = {Proceedings of the 58th Annual Meeting of the Association for Computational Linguistics: System Demonstrations},
title = {{Stanza: A {\{}Python{\}} Natural Language Processing Toolkit for Many Human Languages}},
url = {https://nlp.stanford.edu/pubs/qi2020stanza.pdf},
year = {2020}
}


@article{gentzkow2019,
	author = {Gentzkow, Matthew and Shapiro, Jesse and Taddy, Matt},
	doi = {10.3982/ECTA16566},
	journal = {Econometrica},
	pages = {1307--1340},
	title = {{Measuring Group Differences in High‐Dimensional Choices: Method and Application to Congressional Speech}},
	volume = {87},
	year = {2019}
}

@misc{demszky2019,
	Author = {Dorottya Demszky and Nikhil Garg and Rob Voigt and James Zou and Matthew Gentzkow and Jesse Shapiro and Dan Jurafsky},
	Title = {Analyzing Polarization in Social Media: Method and Application to Tweets on 21 Mass Shootings},
	Year = {2019},
	Eprint = {arXiv:1904.01596},
}

@inproceedings{volkova2014,
	author = {Volkova, Svitlana and Coppersmith, Glen and Durme, Benjamin},
	booktitle = {52nd Annual Meeting of the Association for Computational Linguistics, ACL 2014 - Proceedings of the Conference},
	doi = {10.3115/v1/P14-1018},
	pages = {186--196},
	title = {{Inferring User Political Preferences from Streaming Communications}},
	volume = {1},
	year = {2014}
}


@book{haidt2012,
	address = {New York,  NY,  US},
	author = {Haidt, Jonathan},
	booktitle = {The righteous mind: Why good people are divided by politics and religion.},
	isbn = {978-0-307-37790-6 (Hardcover)},
	keywords = {*Conflict,*Cooperation,*Morality,*Politics,*Religion,Mind},
	pages = {xvii, 421--xvii, 421},
	publisher = {Pantheon/Random House},
	title = {{The righteous mind: Why good people are divided by politics and religion.}},
	year = {2012}
}

@misc{mccallum2002,
	author = "Andrew Kachites McCallum",
	title = "MALLET: A Machine Learning for Language Toolkit",
	note = "http://mallet.cs.umass.edu",
	year = 2002}


@article{sunstein2002,
	author = {Sunstein, Cass R},
	journal = {The Journal of Political Philosophy}, 
	volume = {10}, 
	number = {2}, 
	year = {2002}, 
	page = {175--195}, 
	title = {{The Law of Group Polarization}},
	url = {https://chicagounbound.uchicago.edu/law{\_}and{\_}economics},
}

@article{politis2001,
	author = {Politis, Dimitris N. and Romano, Joseph P. and Wolf, Michael},
	issn = {10170405},
	journal = {Statistica Sinica},
	keywords = {Confidence intervals,Data-dependent block size choice,Hypothesis tests,Large sample theory,Resampling},
	number = {4},
	pages = {1105--1124},
	title = {{On the asymptotic theory of subsampling}},
	volume = {11},
	year = {2001}
}


@article{barbera2015_2,
	author = {Barber{\'{a}}, Pablo and Jost, John T. and Nagler, Jonathan and Tucker, Joshua A. and Bonneau, Richard},
	doi = {10.1177/0956797615594620},
	issn = {14679280},
	journal = {Psychological Science},
	keywords = {open data,open materials,polarization,political ideology,social media},
	number = {10},
	pages = {1531--1542},
	pmid = {26297377},
	title = {{Tweeting From Left to Right: Is Online Political Communication More Than an Echo Chamber?}},
	volume = {26},
	year = {2015}
}

@inproceedings{barbera2015_1, 
		title = {How Social Media Reduces Mass Political Polarization. Evidence from Germany, Spain, and the U.S.},
		author = {Barber{\'{a}}, Pablo},
		year = {2015}, 
		booktitle = {LXXIII Congress of the Midwest Political Science Association}}
	
@article{bakshy2015,
	author = {Bakshy, Eytan and Messing, Solomon and Adamic, Lada A.},
	doi = {10.1126/science.aaa1160},
	issn = {10959203},
	journal = {Science},
	number = {6239},
	pages = {1130--1132},
	pmid = {25953820},
	title = {{Exposure to ideologically diverse news and opinion on Facebook}},
	volume = {348},
	year = {2015}
}


@article{ogawaetal2013,
	author = {Ogawa, Yuki and Yamamoto, Hitoshi and Miyata, Kakuko and Ikeda, Ken'ichi},
	doi = {10.1109/WI-IAT.2013.164},
	isbn = {9781479929023},
	journal = {Proceedings - 2013 IEEE/WIC/ACM International Joint Conference on Web Intelligence and Intelligent Agent Technology - Workshops, WI-IATW 2013},
	keywords = {Attitude,Selective exposure,Twitter},
	pages = {122--125},
	title = {{Association between selective exposure and attitude on twitter}},
	volume = {3},
	year = {2013}
}

@article{baylis2012,
	author = {Baylis, Thomas A.},
	issn = {01726404},
	journal = {Historical Social Research},
	keywords = {Central and eastern Europe,Elite,Elite consensus,Legitimacy,Roundtables},
	number = {1},
	pages = {90--106},
	title = {{Elite consensus and political polarization: Cases from Central Europe}},
	volume = {37},
	year = {2012}
}

@article{matuszewski2019,
	author = {Matuszewski, Pawe{\l} and Szab{\'{o}}, Gabriella},
	doi = {10.1177/2056305119837671},
	isbn = {2056305119},
	issn = {2056-3051},
	journal = {Social Media + Society},
	keywords = {echo chamber,hungary,network analysis,poland,political information-seeking,twitter},
	number = {2},
	pages = {205630511983767},
	title = {{Are Echo Chambers Based on Partisanship? Twitter and Political Polarity in Poland and Hungary}},
	volume = {5},
	year = {2019}
}

@book{matuszewski2018, 
	author = {Matuszewski, Pawe{\l}}, 
	title = {{CyberPlemiona: Analiza zachowan uzytkownikow Facebooka w trakcie kampanii parlamentarnej}}, 
	year = {2018}, 
	address = {Warszawa}, 
	publisher = {PWN}
}

@article{faulkner2004,
	author = {Faulkner, Jason and Schaller, Mark and Park, Justin H. and Duncan, Lesley A.},
	doi = {10.1177/1368430204046142},
	issn = {13684302},
	journal = {Group Processes and Intergroup Relations},
	keywords = {Disease,Immigration,Intergroup attitudes,Threat},
	number = {4},
	pages = {333--353},
	title = {{Evolved disease-avoidance mechanisms and contemporary xenophobic attitudes}},
	volume = {7},
	year = {2004}
}


@article{elmedni2016,
	author = {Elmedni, Bakry},
	doi = {10.1080/01900692.2015.1057851},
	issn = {15324265},
	journal = {International Journal of Public Administration},
	number = {12},
	pages = {917--926},
	publisher = {Routledge},
	title = {{Death of Rationality: The Social Networks' Factor in Policy Response to Ebola}},
	url = {http://dx.doi.org/10.1080/01900692.2015.1057851 https://doi.org/10.1080/01900692.2015.1057851},
	volume = {39},
	year = {2016}
}

@article{mueller1970, 
	author = {Mueller, John. E}, 
	journal = {The American Political Science Review}, 
	volume = {64}, 
	number = {1}, 
	year = {1970}, 
	pages = {18--34}}

@article{autor2016,
	author = {Autor, David and Dorn, David and Hanson, Gordon and Majlesi, Kaveh and Helpman, Elhanan and Jacobson, Gary and Mccarty, Nolan and Mclaren, John and Hajnal, Zoli and Anderson, Robert and Malenica, Ante and Soltas, Evan and Wong, Michael},
	title = {{Importing Political Polarization? The Electoral Consequences of Rising Trade Exposure}},
	journal = {NBER Working Papers Series 22637}, 
	url = {http://www.nber.org/papers/w22637},
	year = {2016}
}

@article{baekgaard2020,
	author = {Baekgaard, Martin and Christensen, Julian and Madsen, Jonas Krogh and Mikkelsen, Kim Sass},
	doi = {10.30636/jbpa.32.172},
	journal = {Journal of Behavioral Public Administration},
	number = {2},
	pages = {1--28},
	title = {{Rallying around the flag in times of COVID-19: Societal lockdown and trust in democratic institutions}},
	volume = {3},
	year = {2020}
}



@article{bursztyn2020,
	author = {Bursztyn, Leonardo and Rao, Aakaash and Roth, Christopher and Yanagizawa-Drott, David},
	doi = {10.2139/ssrn.3580487},
	issn = {1556-5068},
	journal = {University of Chicago, Becker Friedman Institute for Economics Working Paper},
	number = {44}
	title = {{Misinformation During a Pandemic}},
	year = {2020}
}


@article{gorska2019,
	author = {G{\'{o}}rska, Paulina},
	title = {{Polaryzacja polityczna w Polsce. Jak bardzo jeste{\'{s}}my podzieleni?}},
	institution = {{Centrum Badań Nad Uprzedzeniami}}, 
	url = {http://cbu.psychologia.pl/uploads/f{\_}bulska/Polaryzacja polityczna 2.pdf},
	year = {2019}
}


@article{iyengar2012,
	author = {Iyengar, Shanto and Sood, Gaurav and Lelkes, Yphtach},
	doi = {10.1093/poq/nfs038},
	issn = {0033362X},
	journal = {Public Opinion Quarterly},
	number = {3},
	pages = {405--431},
	title = {{Affect, not ideology: A social identity perspective on polarization}},
	volume = {76},
	year = {2012}
}


@article{jacobson2010,
	author = {Jacobson, Gary C.}, 
	title = {{Memory, and Partisan Polarization on the Iraq War}},
	journal = {Political Science Quarterly}, 
	year = {2010}, 
	volume = {125}, 
	number = {1}, 
	pages = {31--56}, 
	doi = {10.1002/j.1538-165X.2010.tb00667.x}
}


@article{bernhardt2008, 
author = {Bernhardt, Dan and Krasa, Stefan and Polborn, Mattias},
journal = {Journal of Public Economics}, 
volume = {92}, 
year = {2008}, 
pages = {1092--1104},
doi = {10.1016/j.jpubeco.2008.01.006}
}

@book{fishkin2009, 
author = {Fishkin, James}, 
title = {{When the People Speak: Deliberative Democracy and Public Consultation}}, 
year = {2009}, 
publisher = {Oxford University Press}, 
isbn = {978-0199604432}
}


@inproceedings{conover2011,
	author = {Conover, M and Ratkiewicz, J and Francisco, M},
	doi = {10.1021/ja202932e},
	booktitle = {{Fifth International AAAI Conference on Weblogs and Social Media}},
	issn = {15205126},
	journal = {Icwsm},
	number = {26},
	pages = {89--96},
	title = {{Political polarization on Twitter.}},
	volume = {133},
	year = {2011}
}

@article{grover2019,
	author = {Grover, Purva and Kar, Arpan Kumar and Dwivedi, Yogesh K. and Janssen, Marijn},
	doi = {10.1016/j.techfore.2018.09.009},
	issn = {00401625},
	journal = {Technological Forecasting and Social Change},
	keywords = {Acculturation in social media,Hashtag community,Polarization in elections,Public policy,Social media,Twitter analytics,eParticipation},
	number = {October 2017},
	pages = {438--460},
	publisher = {Elsevier},
	title = {{Polarization and acculturation in US Election 2016 outcomes – Can twitter analytics predict changes in voting preferences}},
	url = {https://doi.org/10.1016/j.techfore.2018.09.009},
	volume = {145},
	year = {2019}
}

@article{zakaria1997, 
article = {{The Rise of Illiberal Democracy}},
author = {Zakaria, Fareed}, 
year = {1997}, 
journal = {Foreign Affairs}, 
issue = {6}, 
volume = {76}, 
pages = {22--43}}


@article{roder2015,
	author = {R{\"{o}}der, Michael and Both, Andreas and Hinneburg, Alexander},
	doi = {10.1145/2684822.2685324},
	isbn = {9781450333177},
	journal = {WSDM 2015 - Proceedings of the 8th ACM International Conference on Web Search and Data Mining},
	keywords = {Topic coherence,Topic evaluation,Topic model},
	pages = {399--408},
	title = {{Exploring the space of topic coherence measures}},
	year = {2015}
}


@article{bennett2008,
	doi = {10.1007/s10681-008-9788-0},
	issn = {00142336},
	journal = {Euphytica},
	number = {2},
	pages = {593--601},
	title = {{Interspecific cross of Brassica oleracea var. alboglabra and B. napus: Effects of growth condition and silique age on the efficiency of hybrid production, and inheritance of erucic acid in the self-pollinated backcross generation}},
	volume = {164},
	year = {2008}
}


