@inproceedings{qi2020,
	author = {Qi, Peng and Zhang, Yuhao and Zhang, Yuhui and Bolton, Jason and Manning, Christopher D},
	booktitle = {Proceedings of the 58th Annual Meeting of the Association for Computational Linguistics: System Demonstrations},
	title = {{Stanza: A {\{}Python{\}} Natural Language Processing Toolkit for Many Human Languages}},
	url = {https://nlp.stanford.edu/pubs/qi2020stanza.pdf},
	year = {2020}
}


@article{gentzkow2019,
	author = {Gentzkow, Matthew and Shapiro, Jesse and Taddy, Matt},
	doi = {10.3982/ECTA16566},
	journal = {Econometrica},
	pages = {1307--1340},
	title = {{Measuring Group Differences in High‐Dimensional Choices: Method and Application to Congressional Speech}},
	volume = {87},
	year = {2019}
}

@misc{demszky2019,
	author = {Dorottya Demszky and Nikhil Garg and Rob Voigt and James Zou and Matthew Gentzkow and Jesse Shapiro and Dan Jurafsky},
	title = {{Analyzing Polarization in Social Media: Method and Application to Tweets on 21 Mass Shootings}},
	year = {2019},
	eprint = {arXiv:1904.01596},
}

@inproceedings{volkova2014,
	author = {Volkova, Svitlana and Coppersmith, Glen and Durme, Benjamin},
	booktitle = {52nd Annual Meeting of the Association for Computational Linguistics, ACL 2014 - Proceedings of the Conference},
	doi = {10.3115/v1/P14-1018},
	pages = {186--196},
	title = {{Inferring User Political Preferences from Streaming Communications}},
	volume = {1},
	year = {2014}
}


@book{haidt2012,
	city = {New York},
	author = {Haidt, Jonathan},
	isbn = {978-0-307-37790-6},
	publisher = {Pantheon/Random House},
	title = {{The Righteous Mind: Why good people are divided by politics and religion.}},
	year = {2012}
}

@misc{mccallum2002,
	author = {Andrew Kachites McCallum},
	title = {{MALLET: A Machine Learning for Language Toolkit}},
	url = {http://mallet.cs.umass.edu},
	year = {2002}}


@article{sunstein2002,
	author = {Sunstein, Cass R},
	journal = {The Journal of Political Philosophy}, 
	volume = {10}, 
	number = {2}, 
	year = {2002}, 
	pages = {175--195}, 
	doi = {10.1111/1467-9760.00148}
	title = {{The Law of Group Polarization}},
	url = {https://chicagounbound.uchicago.edu/law{\_}and{\_}economics},
}

@article{politis2001,
	author = {Politis, Dimitris N. and Romano, Joseph P. and Wolf, Michael},
	journal = {Statistica Sinica},
	number = {4},
	pages = {1105--1124},
	title = {{On the asymptotic theory of subsampling}},
	volume = {11},
	year = {2001}, 
	doi = {10.2307/24306900}
}


@article{barbera2015_2,
	author = {Barber{\'{a}}, Pablo and Jost, John T. and Nagler, Jonathan and Tucker, Joshua A. and Bonneau, Richard},
	doi = {10.1177/0956797615594620},
	journal = {Psychological Science},
	number = {10},
	pages = {1531--1542},
	title = {{Tweeting From Left to Right: Is Online Political Communication More Than an Echo Chamber?}},
	volume = {26},
	year = {2015}
}

@inproceedings{barbera2015_1, 
		title = {{How Social Media Reduces Mass Political Polarization. Evidence from Germany, Spain, and the U.S.}},
		author = {Barber{\'{a}}, Pablo},
		year = {2015}, 
		booktitle = {LXXIII Congress of the Midwest Political Science Association}}
	
@article{bakshy2015,
	author = {Bakshy, Eytan and Messing, Solomon and Adamic, Lada A.},
	doi = {10.1126/science.aaa1160},
	journal = {Science},
	number = {6239},
	pages = {1130--1132},
	title = {{Exposure to ideologically diverse news and opinion on Facebook}},
	volume = {348},
	year = {2015}
}


@article{ogawaetal2013,
	author = {Ogawa, Yuki and Yamamoto, Hitoshi and Miyata, Kakuko and Ikeda, Ken'ichi},
	doi = {10.1109/WI-IAT.2013.164},
	journal = {Proceedings - 2013 IEEE/WIC/ACM International Joint Conference on Web Intelligence and Intelligent Agent Technology - Workshops, WI-IATW 2013},
	pages = {122--125},
	title = {{Association between selective exposure and attitude on twitter}},
	volume = {3},
	year = {2013}
}

@article{baylis2012,
	author = {Baylis, Thomas A.},
	journal = {Historical Social Research},
	number = {1},
	pages = {90--106},
	title = {{Elite consensus and political polarization: Cases from Central Europe}},
	volume = {37},
	doi = {10.2307/41756452}, 
	year = {2012}
}

@article{matuszewski2019,
	author = {Matuszewski, Pawe{\l} and Szab{\'{o}}, Gabriella},
	doi = {10.1177/2056305119837671},
	journal = {Social Media + Society},
	number = {2},
	pages = {205630511983767},
	title = {{Are Echo Chambers Based on Partisanship? Twitter and Political Polarity in Poland and Hungary}},
	volume = {5},
	year = {2019}
}

@book{matuszewski2018, 
	author = {Matuszewski, Pawe{\l}}, 
	title = {{CyberPlemiona: Analiza zachowan uzytkownikow Facebooka w trakcie kampanii parlamentarnej}}, 
	year = {2018}, 
	isbn = {978-83-01-20108-1},
	city = {Warszawa}, 
	publisher = {PWN}
}

@article{faulkner2004,
	author = {Faulkner, Jason and Schaller, Mark and Park, Justin H. and Duncan, Lesley A.},
	doi = {10.1177/1368430204046142},
	journal = {Group Processes and Intergroup Relations},
	number = {4},
	pages = {333--353},
	title = {{Evolved disease-avoidance mechanisms and contemporary xenophobic attitudes}},
	volume = {7},
	year = {2004}
}


@article{elmedni2016,
	author = {Elmedni, Bakry},
	doi = {10.1080/01900692.2015.1057851},
	journal = {International Journal of Public Administration},
	number = {12},
	pages = {917--926},
	title = {{Death of Rationality: The Social Networks' Factor in Policy Response to Ebola}},
	url = {http://dx.doi.org/10.1080/01900692.2015.1057851 https://doi.org/10.1080/01900692.2015.1057851},
	volume = {39},
	year = {2016}
}

@article{mueller1970, 
	title = {{Presidential Popularity from Truman to Johnson}},
	author = {Mueller, John E.}, 
	journal = {The American Political Science Review}, 
	volume = {64}, 
	number = {1}, 
	year = {1970}, 
	pages = {18--34}
}

@article{autor2016,
	author = {Autor, David and Dorn, David and Hanson, Gordon and Majlesi, Kaveh and Helpman, Elhanan and Jacobson, Gary and Mccarty, Nolan and Mclaren, John and Hajnal, Zoli and Anderson, Robert and Malenica, Ante and Soltas, Evan and Wong, Michael},
	title = {{Importing Political Polarization? The Electoral Consequences of Rising Trade Exposure}},
	journal = {NBER Working Papers Series 22637}, 
	url = {http://www.nber.org/papers/w22637},
	doi = {10.3386/w22637},
	year = {2016}
}

@article{baekgaard2020,
	author = {Baekgaard, Martin and Christensen, Julian and Madsen, Jonas Krogh and Mikkelsen, Kim Sass},
	doi = {10.30636/jbpa.32.172},
	journal = {Journal of Behavioral Public Administration},
	number = {2},
	pages = {1--28},
	title = {{Rallying around the flag in times of COVID-19: Societal lockdown and trust in democratic institutions}},
	volume = {3},
	year = {2020}
}



@article{bursztyn2020,
	author = {Bursztyn, Leonardo and Rao, Aakaash and Roth, Christopher and Yanagizawa-Drott, David},
	doi = {10.2139/ssrn.3580487},
	journal = {University of Chicago, Becker Friedman Institute for Economics Working Paper},
	number = {44},
	title = {{Misinformation During a Pandemic}},
	year = {2020}
}


@misc{gorska2019,
	author = {G{\'{o}}rska, Paulina},
	title = {{Polaryzacja polityczna w Polsce. Jak bardzo jeste{\'{s}}my podzieleni?}},
	institution = {{Centrum Badań Nad Uprzedzeniami}}, 
	url = {http://cbu.psychologia.pl/uploads/f{\_}bulska/Polaryzacja polityczna 2.pdf},
	year = {2019}
}


@article{iyengar2012,
	author = {Iyengar, Shanto and Sood, Gaurav and Lelkes, Yphtach},
	doi = {10.1093/poq/nfs038},
	journal = {Public Opinion Quarterly},
	number = {3},
	pages = {405--431},
	title = {{Affect, not ideology: A social identity perspective on polarization}},
	volume = {76},
	year = {2012}
}


@article{jacobson2010,
	author = {Jacobson, Gary C.}, 
	title = {{Memory, and Partisan Polarization on the Iraq War}},
	journal = {Political Science Quarterly}, 
	year = {2010}, 
	volume = {125}, 
	number = {1}, 
	pages = {31--56}, 
	doi = {10.1002/j.1538-165X.2010.tb00667.x}
}


@article{bernhardt2008, 
title = {{Political polarization and the electoral effects of media bias}}, 
author = {Bernhardt, Dan and Krasa, Stefan and Polborn, Mattias},
journal = {Journal of Public Economics}, 
volume = {92}, 
year = {2008}, 
pages = {1092--1104},
doi = {10.1016/j.jpubeco.2008.01.006}
}

@book{fishkin2009, 
author = {Fishkin, James}, 
title = {{When the People Speak: Deliberative Democracy and Public Consultation}}, 
year = {2009}, 
publisher = {Oxford University Press}, 
city = {Oxford}, 
isbn = {978-0199604432}
}


@inproceedings{conover2011,
	author = {Conover, M and Ratkiewicz, J and Francisco, M},
	doi = {10.1021/ja202932e},
	booktitle = {{Fifth International AAAI Conference on Weblogs and Social Media}},
	number = {26},
	pages = {89--96},
	title = {{Political polarization on Twitter.}},
	volume = {133},
	year = {2011}
}

@article{grover2019,
	author = {Grover, Purva and Kar, Arpan Kumar and Dwivedi, Yogesh K. and Janssen, Marijn},
	doi = {10.1016/j.techfore.2018.09.009},
	journal = {Technological Forecasting and Social Change},
	number = {October 2017},
	pages = {438--460},
	title = {{Polarization and acculturation in US Election 2016 outcomes – Can twitter analytics predict changes in voting preferences}},
	url = {https://doi.org/10.1016/j.techfore.2018.09.009},
	volume = {145},
	year = {2019}
}

@article{zakaria1997, 
	title = {{The Rise of Illiberal Democracy}},
	author = {Zakaria, Fareed}, 
	year = {1997}, 
	journal = {Foreign Affairs}, 
	issue = {6}, 
	volume = {76}, 
	doi = {10.2307/20048274}, 
	pages = {22--43}
}


@inproceedings{roder2015,
	author = {R{\"{o}}der, Michael and Both, Andreas and Hinneburg, Alexander},
	doi = {10.1145/2684822.2685324},
	journal = {WSDM 2015 - Proceedings of the 8th ACM International Conference on Web Search and Data Mining},
	pages = {399--408},
	title = {{Exploring the space of topic coherence measures}},
	year = {2015}
}




@article{bonanno2006,
	author = {Bonanno, George A and Jost, John T},
	doi = {10.1207/s15324834basp2804},
	number = {4},
	pages = {311-323},
	title = {{Conservative Shift Among High-Exposure Survivors of the September 11th Terrorist Attacks Conservative Shift Among High-Exposure Survivors of the September 11th Terrorist Attacks}},
	journal = {Basic and Applied Social Psychology},
	volume = {28},
	year = {2006}
}


@article{vandevyver2016,
	author = {{Van de Vyver}, Julie and Houston, Diane M. and Abrams, Dominic and Vasiljevic, Milica},
	doi = {10.1177/0956797615615584},
	journal = {Psychological Science},
	number = {2},
	pages = {169--177},
	title = {{Boosting Belligerence: How the July 7, 2005, London Bombings Affected Liberals' Moral Foundations and Prejudice}},
	volume = {27},
	year = {2016}
}


@article{porat2019,
	author = {Porat, Roni and Tamir, Maya and Wohl, Michael J. A and Gur, Tamar and Halperin, Eran},
	doi = {10.1080/02699931.2018.1460321},
	journal = {Cognition and Emotion},
	number = {3},
	pages = {480--491},
	title = {{Motivated emotion and the rally around the flag effect: liberals are motivated to feel collective angst (like conservatives) when faced with existential threat}},
	volume = {33},
	year = {2019}
}

@article{lewisbeck2000,
	author = {Lewis-beck, Michael S and Stegmaier, Mary},
	journal = {Annual Review of Political Science}, 
	volume = {3},
	pages = {183--219},
	title = {{Economic Determinants of Electoral Outcomes}},
	year = {2000}, 
	doi = {10.1146/annurev.polisci.3.1.183}
}

@article{bartels2002,
	author = {Bartels, M},
	doi = {10.1038/ajg.2011.482},
	journal = {Political Behavior},
	number = {2},
	pages = {117--150},
	title = {{Beyond Running Tally: Partisan Bias in Political Perceptions}},
	volume = {24},
	year = {2002}
}


@article{bisgaard2018,
	doi = {10.1111/ajps.12349},
	author = {Bisgaard, Martin and Slothuus, Rune},
	journal = {American Journal of Political Science},
	number = {2},
	pages = {456--469},
	title = {{Partisan Elites as Culprits? How Party Cues Shape Partisan Perceptual Gaps}},
	volume = {62},
	year = {2018}
}



@article{combs2009,
	author = {Combs, David J.Y. and Powell, Caitlin A.J. and Schurtz, David Ryan and Smith, Richard H.},
	doi = {10.1016/j.jesp.2009.02.009},
	journal = {Journal of Experimental Social Psychology},
	number = {4},
	pages = {635--646},
	title = {{Politics, schadenfreude, and ingroup identification: The sometimes happy thing about a poor economy and death}},
	url = {http://dx.doi.org/10.1016/j.jesp.2009.02.009},
	volume = {45},
	year = {2009}
}



@article{shayo2009,
	author = {Shayo, Moses},
	doi = {10.1017/S0003055409090194},
	journal = {American Political Science Review},
	number = {2},
	pages = {147--174},
	title = {{A model of social identity with an application to political economy: Nation, class, and redistribution}},
	volume = {103},
	year = {2009}
}

@article{klor2010,
	author = {Klor, Esteban F. and Shayo, Moses},
	doi = {10.1016/j.jpubeco.2009.12.003},
	journal = {Journal of Public Economics},
	number = {3-4},
	pages = {269--278},
	title = {{Social identity and preferences over redistribution}},
	url = {http://dx.doi.org/10.1016/j.jpubeco.2009.12.003},
	volume = {94},
	year = {2010}
}


@book{norris2019,
	author = {Norris, Pippa and Inglehart, Ronald},
	year = {2019},
	publisher = {Cambridge University Press},
	city = {Cambridge}
	title = {{Cultural Backlash: Trump, Brexit, and Authoritarian Populism}},
	isbn = {9781108426077},
}

@article{mas2013,
	author = {M{\"{a}}s, Michael and Flache, Andreas},
	doi = {10.1371/journal.pone.0074516},
	journal = {PLoS ONE},
	number = {11},
	title = {{Differentiation without distancing. explaining bi-polarization of opinions without negative influence}},
	volume = {8},
	year = {2013},
	pages = {1--17}
}

@book{prior2007,
	author = {Prior, Markus},
	year = {2007},
	title = {{Post-Broadcast Democracy: How Media Choice Increases Iequality in Political Involvement and Polarizes Elections}},
	publisher = { Cambridge University Press},
	isbn = {978-0521675338}
	city = {Cambridge, UK}
}

@article{westfall2015,
	author = {Westfall, Jacob and Van Boven, Leaf and Chambers, John and Judd, Charles},
	year = {2015},
	pages = {145--158},
	title = {{Perceiving Political Polarization in the United States: Party Identity Strength and Attitude Extremity Exacerbate the Perceived Partisan Divide}},
	journal = {Perspectives on Psychological Science},
	volume = {10},
	number = {2},
	doi = {10.1177/1745691615569849}
}



@book{pariser2009, 
title={{The Filter Bubble: What The Internet is Hiding From You}}, 
author = {Pariser, Eli}, 
year = {2009}, 
publisher = {Penguin Books}, 
city = {London}
}

@article{financial_times2020, 
title = {{Poland’s president says ‘LGBT ideology’ worse than communism}}, 
author = {Shotter, James}, 
journal = {Financial Times}, 
year = {2020}, 
url = {https://www.ft.com/content/f16890b1-781f-4eda-98a7-a59e3f5f8efb}
}


@book{lukianoff2018, 
	title = {{The Coddling of the American Mind}},
	author = {Lukianoff, Greg and Haidt, Jonathan}, 
	publisher = {Penguin Books}, 
	city = {New York}, 
	year = {2018}
}

@article{tucker2018, 
	author = {Tucker, Joshua Aaron and Guess, Andrew and Barbera, Pablo and Vaccari, Cristian and Siegel, Alexandra and Sanovich, Sergey and Stukal, Denis and Nyhan, Brendan}, 
	title = {{Social Media, Political Polarization, and Political Disinformation: A Review of the Scientific Literature}}, 
	year = {2018}, 
	url = {https://ssrn.com/abstract=3144139}, 
	doi = {http://dx.doi.org/10.2139/ssrn.3144139 }, 
	journal = {SSRN}
}

@book{sunstein2018,
	author = {Sunstein, Cass},
	year = {2018},
	title = {{\#Republic: Divided Democracy in the Age of Social Media}},
	publisher = {Princeton University Press},
	isbn = {978-0691175515}, 
	city = {New Jersey}
}

@book{jackson2020, 
	author = {Jackson, Matthew O.}, 
	title = {{The Human Network: How Your Social Position Determines Your Power, Beliefs and Behaviors}},
	year = {2020}, 
	publisher = {Penguin}, 
	city = {London},
	isbn = {978-1101871430}, 
}

@article{kim2016,
	author = {Kim, Heejung S and Sherman, David K and Updegraff, John A},
	doi = {10.1177/0956797616642596},
	journal = {Psychological Science}, 
	volume = {27},
	issue = {7}, 
	pages = {935--944},
	title = {{Fear of Ebola: The Influence of Collectivism on Xenophobic Threat Responses}},
	year = {2016}
}


@article{blei2003,
	author = {Blei, David M. and Ng, Andrew Y. and Jordan, Michael I.},
	doi = {10.1016/B978-0-12-411519-4.00006-9},
	journal = {Journal of Machine Learning Research},
	pages = {993--1022},
	title = {{Latent Dirichlet Allocation}},
	volume = {3},
	year = {2003}
}

@article{pritchard2000, 
	title = {{Inference of Population Structure Using Multilocus Genotype Data}}, 
	author = {Pritchard, Jonathan K. and Stephens, Matthew and Donnelly, Peter}, 
	journal = {Genetics}, 
	volume = {155}, 
	year = {2000}, 
	pages = {945--959}}

@article{kunda1990,
	author = {Kunda, Ziva},
	year = {1990},
	pages = {480--498},
	title = {{The Case for Motivated Reason}},
	volume = {108},
	journal = {Psychological Nulletin},
	doi = {10.1037/0033-2909.108.3.480}
}

@article{westen2006,
	author = {Westen, Drew and Blagov, Pavel and Harenski, Keith and Kilts, Clint and Hamann, Stephan},
	year = {2006},
	pages = {1947--58},
	title = {{Neural Bases of Motivated Reasoning: An fMRI Study of Emotional Constraints on Partisan Political Judgment in the 2004 U.S. Presidential Election}},
	volume = {18},
	journal = {Journal of Cognitive Neuroscience},
	doi = {10.1162/jocn.2006.18.11.1947}
}

@article{thagard2003,
	author = {Thagard, Paul},
	year = {2010},
	pages = {361--383},
	title = {{Why Wasn't O.J. Convicted? Emotional Coherence in Legal Inference}},
	volume = {17},
	issue = {3},
	journal = {Cognition and Emotion},
	doi = {10.1080/0269993024400002}
}
